@misc{security_2017, title={A Short Review of the NTRU Cryptosystem}, url={https://www.slideshare.net/OnBoardSecurity/a-short-review-of-the-ntru-cryptosystem}, journal={LinkedIn SlideShare}, author={Security, OnBoard}, year={2017}, month={Jul}}

@misc{proofwiki, title={Union of Equivalence Classes is Whole Set}, url={https://proofwiki.org/wiki/Union_of_Equivalence_Classes_is_Whole_Set}, journal={ProofWiki}}

@misc{latticehacks, title={NTRU}, url={https://latticehacks.cr.yp.to/ntru.html}, journal={LatticeHacks}}

@inproceedings{ajtai1996generating,
  title={Generating hard instances of lattice problems},
  author={Ajtai, Mikl{\'o}s},
  booktitle={Proceedings of the twenty-eighth annual ACM symposium on Theory of computing},
  pages={99--108},
  year={1996}
}

@misc{ntru,
  title = "NTRU Cryptography",
  author = "Awnon Kumar Bhowmik and Unnikrishnan Rajendran Menon",
  year = "2020",
  url="https://github.com/7enTropy7/NTRU_cryptography"
}

@article{koblitz,
    title="Encrypting with Elliptic Curve Cryptography",
    author="ReneÂ´e Brady, Naleceia Davis and Anna Tracy",
    journal = "",
    year = "2010",
    month = "July",
    url = "https://www.math.purdue.edu/~egoins/notes/Encrypting_Text_Messages_via_Elliptic_Curve_Cryptography.pdf"
}