@misc{security_2017, title={A Short Review of the NTRU Cryptosystem}, url={https://www.slideshare.net/OnBoardSecurity/a-short-review-of-the-ntru-cryptosystem}, journal={LinkedIn SlideShare}, author={Security, OnBoard}, year={2017}, month={Jul}}

@misc{proofwiki, title={Union of Equivalence Classes is Whole Set}, url={https://proofwiki.org/wiki/Union_of_Equivalence_Classes_is_Whole_Set}, journal={ProofWiki}}

@misc{latticehacks, title={NTRU}, url={https://latticehacks.cr.yp.to/ntru.html}, journal={LatticeHacks}}

@article{stallings2017,
  title={The principles and Practice of Cryptography and Network Security 7th Edition, ISBN-10: 0134444280},
  author={Stallings, William},
  journal={Pearson Education},
  volume={20},
  year={2017}
}